@book{pramod,
	author		= {Pramod J. Sadalage and Martin Fowler},
	title 		= {NoSQL Essencial},
	publisher 	= {Novatec},
	year 		= {2013}
}

@book{jan,
	author		= {Jan L. Harrington},
	title		= {Relational database design and implementation : clearly explained},
	publisher 	= {Morgan Kaufmann},
	year		= {2009}
}

@misc{opendefinition,
  title = 	 {Definição de Conhecimento Aberto},
  howpublished = {\url{http://opendefinition.org/od/2.0/pt-br/}},
  note = 	 {Acessado em 08 de abril de 2016},
  annote = 	 {}
}

@article{chrisnosql,
	author = {Christof Strauch},
	title = {NoSQL Databases},
	journal = {Stuttgart Media University},
	year = 2011
}

@article{bigtable,
    author = {F. Chang, J. Dean, S. Ghemawat, W. C. Hsieh, D. A. Wallach, M. Burrows, T. Chandra, A. Fikes, and R. E. Gruber},
    title = {Bigtable: A distributed storage system for structured data},
    booktitle = {IN PROCEEDINGS OF THE 7TH CONFERENCE ON USENIX SYMPOSIUM ON OPERATING SYSTEMS DESIGN AND IMPLEMENTATION - VOLUME 7},
    year = {2006},
    pages = {205--218},
    publisher = {}
}

@misc{tcu,
  author={Tribunal de Contas da União},
  title={5 Motivos para abertura de dados na Administração Pública},
  year={2015},
  note={\newline\url{http://portal3.tcu.gov.br/portal/pls/portal/docs/2689107.pdf}},
}

@misc{inda,
  title = 	 {INDA - Infraestrutura Nacional de Dados Abertos},
  howpublished = {\url{http://www.governoeletronico.gov.br/acoes-e-projetos/Dados-Abertos/inda-infraestrutura-nacional-de-dados-abertos}},
  note = 	 {Acessado em 10 de abril de 2016},
  annote = 	 {}
}

