% ==============================
% Bancos de Dados
% ==============================

@book{jan,
	author		= {Jan L. Harrington},
	title		= {Relational database design and implementation : clearly explained},
	publisher 	= {Morgan Kaufmann},
	year		= {2009}
}

@book{dmsbook,
  title = {Database management systems},
  author = {Raghu Ramakrishnan and Johannes Gehrke},
  year = {2003},
  publisher = {Osborne/McGraw-Hill},
  edition = 3
}

@book{cjdate,
	author = {C.J. Date},
	title = {An Introduction to Database Systems},
	year = {2003},
	isbn = {0321197844},
	edition = {8},
	publisher = {Addison-Wesley Longman Publishing Co., Inc.},
	address = {Boston, MA, USA},
} 

@book{heuser,
	author = {Carlos A. Heuser},
	title = {Projeto de Banco de Dados},
	year = {1998},
	edition = {4},
} 

@article{neufeld1986database,
  title={Database history: From dinosaurs to compact discs},
  author={Neufeld, M Lynne and Cornog, Martha},
  journal={Journal of the American society for information science},
  volume={37},
  number={4},
  pages={183},
  year={1986},
  publisher={American Documentation Institute}
}

@article{haerder,
  title={Principles of transaction-oriented database recovery},
  author={Haerder, Theo and Reuter, Andreas},
  journal={ACM Computing Surveys (CSUR)},
  volume={15},
  number={4},
  pages={287--317},
  year={1983},
  publisher={ACM}
}

@article{codd1970relational,
  title={A relational model of data for large shared data banks},
  author={Edgar F. Codd},
  journal={Communications of the ACM},
  volume={13},
  number={6},
  pages={377--387},
  year={1970},
  publisher={ACM}
}

@article{pritchett2008,
	author = {Pritchett, Dan},
	title = {BASE: An Acid Alternative},
	journal = {Queue},
	issue_date = {May/June 2008},
	volume = {6},
	number = {3},
	month = may,
	year = {2008},
	issn = {1542-7730},
	pages = {48--55},
	numpages = {8},
} 

% ==============================
% Bolsa Fam\'{i}lia
% ==============================

@misc{portaldatransparencia,
	title = 	 {Portal da Transpar\^{e}ncia},
	howpublished = {\url{http://www.portaldatransparencia.gov.br/downloads/mensal.asp?c=BolsaFamiliaFolhaPagamento}},
	note = 	 {Acessado em 20 de mar\c{c}o de 2017},
	annote = 	 {}
}

@misc{sobreportaldatransparencia,
	title = 	 {Portal da Transpar\^{e}ncia - Sobre o Portal},
	howpublished = {\url{http://www.portaltransparencia.gov.br/sobre/}},
	note = 	 {Acessado em 07 de julho de 2017},
	annote = 	 {}
}

@misc{gov-bolsafamilia1,
	title = 	 {Governo destina R\$ 2,5 bilh\~{o}es aos benefici\'{a}rios do Bolsa Fam\'{i}lia em setembro},
	howpublished = {\url{http://www.brasil.gov.br/cidadania-e-justica/2016/09/governo-destina-r-2-5-bilhoes-aos-beneficiarios-do-bolsa-familia-em-setembro}},
	note = 	 {Acessado em 20 de maio de 2017},
	annote = 	 {}
}

@misc{gov-bolsafamilia2,
	title = 	 {Mais de 163,8 milh\~{o}es receberam benef\'{i}cios sociais da Caixa},
	howpublished = {\url{http://www.brasil.gov.br/economia-e-emprego/2017/04/mais-de-163-8-milhoes-receberam-beneficios-sociais-da-caixa}},
	note = 	 {Acessado em 20 de maio de 2017},
	annote = 	 {}
}

@misc{caixa-bolsafamilia,
	title = 	 {Bolsa Fam\'{i}lia},
	howpublished = {\url{http://www.caixa.gov.br/programas-sociais/bolsa-familia/Paginas/default.aspx}},
	note = 	 {Acessado em 20 de maio de 2017},
	annote = 	 {}
}

% ==============================
% Cassandra
% ==============================

@book{cassandraguide,
	author = {Eben Hewitt},
	title = {Cassandra: The Definitive Guide},
	publisher = {O'Reilly Media},
	year = {2016}
	edition = {2},
}

@article{lakshmancassandra,
  title={Cassandra: A Decentralized Structured Storage System},
  author={Avinash Lakshman and Prashant Malik},
  journal={ACM SIGOPS Operating Systems Review},
  volume={44},
  number={2},
  pages={35--40},
  year={2010},
  publisher={ACM}
}

@misc{cassandracompanies,
  title = 	 {Companies Using NoSQL Apache Cassandra},
  howpublished = {\url{http://www.planetcassandra.org/companies/}},
  note = 	 {Acessado em 30 de maio de 2016},
  annote = 	 {}
}

@misc{ibmcassandra,
  title = 	 {Considera\c{c}\~{o}es sobre o Banco de Dados Apache Cassandra},
  howpublished = {\url{http://www.ibm.com/developerworks/br/library/os-apache-cassandra/}},
  note = 	 {Acessado em 02 de junho de 2016},
  annote = 	 {}
}

@misc{decretobf,
	title = 	 {DECRETO Nº 8.794, DE 29 DE JUNHO DE 2016},
	howpublished = {\url{http://www.planalto.gov.br/ccivil_03/_ato2015-2018/2016/decreto/D8794.htm}},
	note = 	 {Acessado em 05 de julho de 2017},
	annote = 	 {}
}

@misc{cassandradocs,
	title = 	 {DataStax Distribution of Apache Cassandra 3.x},
	howpublished = {\url{http://docs.datastax.com/en/cassandra/3.x/cassandra/cassandraAbout.html}},
	note = 	 {Acessado em 02 de junho de 2016},
	annote = 	 {}
}

@misc{datareplication,
	title = 	 {Data replication},
	howpublished = {\url{http://docs.datastax.com/en/cassandra/2.1/cassandra/architecture/architectureDataDistributeReplication_c.html}},
	note = 	 {Acessado em 05 de julho de 2017},
	annote = 	 {}
}

@misc{cassandrasettings,
	title = 	 {Recommended production settings for Linux},
	howpublished = {\url{https://docs.datastax.com/en/cassandra/3.0/cassandra/install/installRecommendSettings.html}},
	note = 	 {Acessado em 23 de mar\c{c}o de 2017},
	annote = 	 {}
}

@misc{cassandra08,
	title = 	 {What's New in Cassandra 0.8, Part 1: CQL, the Cassandra Query Language},
	howpublished = {\url{http://www.datastax.com/dev/blog/what\%E2\%80\%99s-new-in-cassandra-0-8-part-1-cql-the-cassandra-query-language}},
	note = 	 {Acessado em 02 de julho de 2017},
	annote = 	 {}
}

@misc{cassandra_intro_cql,
	title = 	 {Introduction to Cassandra Query Language },
	howpublished = {\url{http://docs.datastax.com/en/cql/3.1/cql/cql_intro_c.html}},
	note = 	 {Acessado em 02 de julho de 2017},
	annote = 	 {}
}

@misc{cassandrapartitioners,
	title = 	 {Partitioners},
	howpublished = {\url{http://docs.datastax.com/en/cassandra/2.1/cassandra/architecture/architecturePartitionerAbout_c.html}},
	note = 	 {Acessado em 08 de julho de 2017},
	annote = 	 {}
}

% ==============================
% Dados Abertos
% ==============================

@book{seijiconectados,
	author		= {Seiji Isotani and Ig I. Bittencourt},
	title 		= {Dados Abertos Conectados},
	publisher 	= {Novatec},
	year 		= {2015}
}

@misc{opendefinition,
  title = 	 {Defini\c{c}\~{a}o de Conhecimento Aberto},
  howpublished = {\url{http://opendefinition.org/od/2.0/pt-br/}},
  note = 	 {Acessado em 08 de abril de 2016},
  annote = 	 {}
}

@misc{w3cmanual,
	title = {Manual dos Dados Abertos: Governo},
	howpublished = {\url{http://www.w3c.br/pub/Materiais/PublicacoesW3C/Manual_Dados_Abertos_WEB.pdf}},
	note = {Acessado em 01 de julho de 2016},
	annote = {}
}

@misc{openknowledge,
	title = {O que s\~{a}o Dados Abertos?},
	howpublished = {\url{http://opendatahandbook.org/guide/pt_BR/what-is-open-data/}},
	note = {Acessado em 07 de maio de 2016},
	annote = {}
}

@misc{tcu,
	author={Tribunal de Contas da Uni\~{a}o},
	title={5 Motivos para abertura de dados na Administra\c{c}\~{a}o P\'{u}blica},
	year={2015},
	howpublished = {\url{http://portal3.tcu.gov.br/portal/pls/portal/docs/2689107.pdf}},
	note = {Acessado em 08 de maio de 2016},
}

@misc{inda,
	title = 	 {INDA - Infraestrutura Nacional de Dados Abertos},
	howpublished = {\url{http://www.governoeletronico.gov.br/acoes-e-projetos/Dados-Abertos/inda-infraestrutura-nacional-de-dados-abertos}},
	note = 	 {Acessado em 10 de abril de 2016},
	annote = 	 {}
}

@article{bizerlinked,
	title={Linked Data - The Story So Far},
	author={Christian Bizer and Tom Heath and Tim Berners-Lee},
	journal={Semantic Services, Interoperability and Web Applications: Emerging Concepts},
	pages={205--227},
	year={2009}
}

@misc{opengovdata,
	title = 	 { The Annotated 8 Principles of Open Government Data },
	howpublished = {\url{https://opengovdata.org/}},
	note = 	 {Acessado em 04 de junho de 2016},
	annote = 	 {}
}

@misc{eaveslaws,
	title = 	 {The Three Laws of Open Government Data},
	author = {David  Eaves},
	howpublished = {\url{https://eaves.ca/2009/09/30/three-law-of-open-government-data/}},
	note = 	 {Acessado em 04 de junho de 2016},
	annote = 	 {}
}

% ==============================
% NoSQL
% ==============================

@book{pramod,
	author		= {Pramod J. Sadalage and Martin Fowler},
	title 		= {NoSQL Essencial},
	publisher 	= {Novatec},
	year 		= {2013}
}

@misc{blograshid,
	title = {NoSQL Systems},
	howpublished = {\url{http://blog.imrashid.com/nosql-systems/}},
	note = {Acessado em 08 de maio de 2016},
	annote = {}
}

@article{chrisnosql,
	author = {Christof Strauch},
	title = {NoSQL Databases},
	journal = {Stuttgart Media University},
	year = 2011
}

@article{bigtable,
    author = {Fay Chang and Jeffrey Dean and Sanjay Ghemawat and Wilson C. Hsieh and Deborah A. Wallach and Mike Burrows and Tushar Chandra and Andrew Fikes and Robert E. Gruber},
    title = {Bigtable: A distributed storage system for structured data},
    booktitle = {IN PROCEEDINGS OF THE 7TH CONFERENCE ON USENIX SYMPOSIUM ON OPERATING SYSTEMS DESIGN AND IMPLEMENTATION - VOLUME 7},
    year = {2006},
    pages = {205--218},
    publisher = {}
}

@misc{neo4j_acidbase,
  title = 	 {Graph Databases for Beginners: ACID vs. BASE Explained},
  howpublished = {\url{http://neo4j.com/blog/acid-vs-base-consistency-models-explained/}},
  note = 	 {Acessado em 05 de maio de 2016},
  annote = 	 {}
}

@article{brewer12years,
  title={CAP twelve years later: How the "rules" have changed},
  author={Eric Brewer},
  journal={Computer},
  volume={45},
  number={2},
  pages={23--29},
  year={2012},
  publisher={IEEE}
}

@article{leavitt2010nosql,
  title={Will NoSQL databases live up to their promise?},
  author={Leavitt, Neal},
  journal={Computer},
  volume={43},
  number={2},
  pages={12--14},
  year={2010},
  publisher={IEEE}
}

@article{dynamo,
  title={Dynamo: Amazon's Highly Available Key-value Store},
  author={DeCandia, Giuseppe and Hastorun, Deniz and Jampani, Madan and Kakulapati, Gunavardhan and Lakshman, Avinash and Pilchin, Alex and Sivasubramanian, Swaminathan and Vosshall, Peter and Vogels, Werner},
  booktitle={ACM SIGOPS Operating Systems Review},
  volume={41},
  number={6},
  pages={205--220},
  year={2007},
  organization={ACM}
}

@article{nosqleval,
  title={NoSQL evaluation: A use case oriented survey},
  author={Hecht, Robin and Jablonski, Stefan},
  year={2011},
  pages={336-341}, 
  publisher={IEEE}
}

% ==============================
% Outros
% ==============================

@misc{deutsch,
	title = {The eight fallacies of distributed computing},
	author={Deutsch, Peter},
	howpublished = {\url{http://today.java.net/jag/Fallacies.html}},
	note = {Acessado em 28 de maio de 2016},
	annote = {}
}

@book{dwkimball,
	author = {Ralph Kimball and Margy Ross},
	title = {The Data Warehouse Toolkit},
	publisher = {Wiley},
	year = {2013},
	edition = {3}
}

@book{dwpaulraj,
	author = {Paulraj Ponniah},
	title = {Data Warehousing for IT Professionals},
	publisher = {Wiley},
	year = {2010}, 
	edition = {2}
}

@article{gantz2012digital,
  title={The digital universe in 2020: Big data, bigger digital shadows, and biggest growth in the far east},
  author={John Gantz and David Reinsel},
  journal={IDC iView: IDC Analyze the future},
  volume={2007},
  pages={1--16},
  year={2012}
}

@article{foxcluster,
  title={Cluster-based scalable network services},
  author={Armando Fox and Steven D. Gribble and Yatin Chawathe and Eric Brewer and Paul Gauthier},
  volume={31},
  number={5},
  year={1997},
  publisher={ACM}
}

@inproceedings{brewer,
  title={Harvest, yield, and scalable tolerant systems},
  author={Armando Fox and Eric Brewer},
  booktitle={Hot Topics in Operating Systems, 1999. Proceedings of the Seventh Workshop on},
  pages={174--178},
  year={1999},
  organization={IEEE}
}