@book{jan,
	author		= {Jan L. Harrington},
	title		= {Relational database design and implementation : clearly explained},
	publisher 	= {Morgan Kaufmann},
	year		= {2009}
}

@book{dmsbook,
  title = {Database management systems},
  author = {Raghu Ramakrishnan and Johannes Gehrke},
  year = {2003},
  publisher = {Osborne/McGraw-Hill},
  edition = 3
}

@article{neufeld1986database,
  title={Database history: From dinosaurs to compact discs},
  author={Neufeld, M Lynne and Cornog, Martha},
  journal={Journal of the American society for information science},
  volume={37},
  number={4},
  pages={183},
  year={1986},
  publisher={American Documentation Institute}
}

@article{haerder,
  title={Principles of transaction-oriented database recovery},
  author={Haerder, Theo and Reuter, Andreas},
  journal={ACM Computing Surveys (CSUR)},
  volume={15},
  number={4},
  pages={287--317},
  year={1983},
  publisher={ACM}
}

@article{codd1970relational,
  title={A relational model of data for large shared data banks},
  author={Edgar F. Codd},
  journal={Communications of the ACM},
  volume={13},
  number={6},
  pages={377--387},
  year={1970},
  publisher={ACM}
}