@misc{portaldatransparencia,
	title = 	 {Portal da Transparência},
	howpublished = {\url{http://www.portaldatransparencia.gov.br/downloads/mensal.asp?c=BolsaFamiliaFolhaPagamento}},
	note = 	 {Acessado em 20 de março de 2017},
	annote = 	 {}
}

@misc{sobreportaldatransparencia,
	title = 	 {Portal da Transparência - Sobre o Portal},
	howpublished = {\url{http://www.portaltransparencia.gov.br/sobre/}},
	note = 	 {Acessado em 07 de julho de 2017},
	annote = 	 {}
}

@misc{gov-bolsafamilia1,
	title = 	 {Governo destina R\$ 2,5 bilhões aos beneficiários do Bolsa Família em setembro},
	howpublished = {\url{http://www.brasil.gov.br/cidadania-e-justica/2016/09/governo-destina-r-2-5-bilhoes-aos-beneficiarios-do-bolsa-familia-em-setembro}},
	note = 	 {Acessado em 20 de maio de 2017},
	annote = 	 {}
}

@misc{gov-bolsafamilia2,
	title = 	 {Mais de 163,8 milhões receberam benefícios sociais da Caixa},
	howpublished = {\url{http://www.brasil.gov.br/economia-e-emprego/2017/04/mais-de-163-8-milhoes-receberam-beneficios-sociais-da-caixa}},
	note = 	 {Acessado em 20 de maio de 2017},
	annote = 	 {}
}

@misc{caixa-bolsafamilia,
	title = 	 {Bolsa Família},
	howpublished = {\url{http://www.caixa.gov.br/programas-sociais/bolsa-familia/Paginas/default.aspx}},
	note = 	 {Acessado em 20 de maio de 2017},
	annote = 	 {}
}