@book{cassandraguide,
	author = {Eben Hewitt},
	title = {Cassandra: The Definitive Guide},
	publisher = {O'Reilly Media},
	year = {2010}
}

@article{lakshmancassandra,
  title={Cassandra: A Decentralized Structured Storage System},
  author={Avinash Lakshman and Prashant Malik},
  journal={ACM SIGOPS Operating Systems Review},
  volume={44},
  number={2},
  pages={35--40},
  year={2010},
  publisher={ACM}
}

@misc{cassandracompanies,
  title = 	 {Companies Using NoSQL Apache Cassandra},
  howpublished = {\url{http://www.planetcassandra.org/companies/}},
  note = 	 {Acessado em 30 de maio de 2016},
  annote = 	 {}
}

@misc{ibmcassandra,
  title = 	 {Considerações sobre o Banco de Dados Apache Cassandra},
  howpublished = {\url{http://www.ibm.com/developerworks/br/library/os-apache-cassandra/}},
  note = 	 {Acessado em 02 de junho de 2016},
  annote = 	 {}
}

@misc{decretobf,
	title = 	 {DECRETO Nº 8.794, DE 29 DE JUNHO DE 2016},
	howpublished = {\url{http://www.planalto.gov.br/ccivil_03/_ato2015-2018/2016/decreto/D8794.htm}},
	note = 	 {Acessado em 05 de julho de 2017},
	annote = 	 {}
}

@misc{cassandradocs,
	title = 	 {DataStax Distribution of Apache Cassandra™ 3.x},
	howpublished = {\url{http://docs.datastax.com/en/cassandra/3.x/cassandra/cassandraAbout.html}},
	note = 	 {Acessado em 02 de junho de 2016},
	annote = 	 {}
}

@misc{datareplication,
	title = 	 {Data replication},
	howpublished = {\url{http://docs.datastax.com/en/cassandra/2.1/cassandra/architecture/architectureDataDistributeReplication_c.html}},
	note = 	 {Acessado em 05 de julho de 2017},
	annote = 	 {}
}

@misc{cassandrasettings,
	title = 	 {Recommended production settings for Linux},
	howpublished = {\url{https://docs.datastax.com/en/cassandra/3.0/cassandra/install/installRecommendSettings.html}},
	note = 	 {Acessado em 23 de março de 2017},
	annote = 	 {}
}

@misc{cassandra08,
	title = 	 {What’s New in Cassandra 0.8, Part 1: CQL, the Cassandra Query Language},
	howpublished = {\url{http://www.datastax.com/dev/blog/what\%E2\%80\%99s-new-in-cassandra-0-8-part-1-cql-the-cassandra-query-language}},
	note = 	 {Acessado em 02 de julho de 2017},
	annote = 	 {}
}

@misc{cassandracql,
	title = 	 "{CQL}",
	howpublished = {\url{http://docs.datastax.com/en/cassandra/2.1/cassandra/cql.html}},
	note = 	 {Acessado em 02 de julho de 2017},
	annote = 	 {}
}

@misc{cassandra_intro_cql,
	title = 	 {Introduction to Cassandra Query Language },
	howpublished = {\url{http://docs.datastax.com/en/cql/3.1/cql/cql_intro_c.html}},
	note = 	 {Acessado em 02 de julho de 2017},
	annote = 	 {}
}

@misc{cassandrapartitioners,
	title = 	 {Partitioners},
	howpublished = {\url{http://docs.datastax.com/en/cassandra/2.1/cassandra/architecture/architecturePartitionerAbout_c.html}},
	note = 	 {Acessado em 08 de julho de 2017},
	annote = 	 {}
}