@book{seijiconectados,
	author		= {Seiji Isotani and Ig I. Bittencourt},
	title 		= {Dados Abertos Conectados},
	publisher 	= {Novatec},
	year 		= {2015}
}

@misc{opendefinition,
  title = 	 {Definição de Conhecimento Aberto},
  howpublished = {\url{http://opendefinition.org/od/2.0/pt-br/}},
  note = 	 {Acessado em 08 de abril de 2016},
  annote = 	 {}
}

@misc{w3cmanual,
	title = {Manual dos Dados Abertos: Governo},
	howpublished = {\url{http://www.w3c.br/pub/Materiais/PublicacoesW3C/Manual_Dados_Abertos_WEB.pdf}},
	note = {Acessado em 01 de julho de 2016},
	annote = {}
}

@misc{openknowledge,
	title = {O que são Dados Abertos?},
	howpublished = {\url{http://opendatahandbook.org/guide/pt_BR/what-is-open-data/}},
	note = {Acessado em 07 de maio de 2016},
	annote = {}
}

@misc{tcu,
	author={Tribunal de Contas da União},
	title={5 Motivos para abertura de dados na Administração Pública},
	year={2015},
	howpublished = {\url{http://portal3.tcu.gov.br/portal/pls/portal/docs/2689107.pdf}},
	note = {Acessado em 08 de maio de 2016},
}

@misc{inda,
	title = 	 {INDA - Infraestrutura Nacional de Dados Abertos},
	howpublished = {\url{http://www.governoeletronico.gov.br/acoes-e-projetos/Dados-Abertos/inda-infraestrutura-nacional-de-dados-abertos}},
	note = 	 {Acessado em 10 de abril de 2016},
	annote = 	 {}
}

@article{bizerlinked,
	title={Linked Data - The Story So Far},
	author={Christian Bizer and Tom Heath and Tim Berners-Lee},
	journal={Semantic Services, Interoperability and Web Applications: Emerging Concepts},
	pages={205--227},
	year={2009}
}

@misc{opengovdata,
	title = 	 { The Annotated 8 Principles of Open Government Data },
	howpublished = {\url{https://opengovdata.org/}},
	note = 	 {Acessado em 04 de junho de 2016},
	annote = 	 {}
}

@misc{eaveslaws,
	title = 	 {The Three Laws of Open Government Data},
	author = {David  Eaves},
	howpublished = {\url{https://eaves.ca/2009/09/30/three-law-of-open-government-data/}},
	note = 	 {Acessado em 04 de junho de 2016},
	annote = 	 {}
}