@misc{deutsch,
	title = {The eight fallacies of distributed computing},
	author={Deutsch, Peter},
	howpublished = {\url{http://today.java.net/jag/Fallacies.html}},
	note = {Acessado em 28 de maio de 2016},
	annote = {}
}

@book{dwkimball,
	author = {Ralph Kimball and Margy Ross},
	title = {The Data Warehouse Toolkit},
	publisher = {Wiley},
	year = {2013},
	edition = {3}
}

@book{dwpaulraj,
	author = {Paulraj Ponniah},
	title = {Data Warehousing for IT Professionals},
	publisher = {Wiley},
	year = {2010}, 
	edition = {2}
}

@article{gantz2012digital,
  title={The digital universe in 2020: Big data, bigger digital shadows, and biggest growth in the far east},
  author={John Gantz and David Reinsel},
  journal={IDC iView: IDC Analyze the future},
  volume={2007},
  pages={1--16},
  year={2012}
}

@article{foxcluster,
  title={Cluster-based scalable network services},
  author={Armando Fox and Steven D. Gribble and Yatin Chawathe and Eric Brewer and Paul Gauthier},
  volume={31},
  number={5},
  year={1997},
  publisher={ACM}
}

@inproceedings{brewer,
  title={Harvest, yield, and scalable tolerant systems},
  author={Armando Fox and Eric Brewer},
  booktitle={Hot Topics in Operating Systems, 1999. Proceedings of the Seventh Workshop on},
  pages={174--178},
  year={1999},
  organization={IEEE}
}