@book{pramod,
	author		= {Pramod J. Sadalage and Martin Fowler},
	title 		= {NoSQL Essencial},
	publisher 	= {Novatec},
	year 		= {2013}
}

@misc{blograshid,
	title = {NoSQL Systems},
	howpublished = {\url{http://blog.imrashid.com/nosql-systems/}},
	note = {Acessado em 08 de maio de 2016},
	annote = {}
}

@article{chrisnosql,
	author = {Christof Strauch},
	title = {NoSQL Databases},
	journal = {Stuttgart Media University},
	year = 2011
}

@article{bigtable,
    author = {Fay Chang and Jeffrey Dean and Sanjay Ghemawat and Wilson C. Hsieh and Deborah A. Wallach and Mike Burrows and Tushar Chandra and Andrew Fikes and Robert E. Gruber},
    title = {Bigtable: A distributed storage system for structured data},
    booktitle = {IN PROCEEDINGS OF THE 7TH CONFERENCE ON USENIX SYMPOSIUM ON OPERATING SYSTEMS DESIGN AND IMPLEMENTATION - VOLUME 7},
    year = {2006},
    pages = {205--218},
    publisher = {}
}

@misc{neo4j_acidbase,
  title = 	 {Graph Databases for Beginners: ACID vs. BASE Explained},
  howpublished = {\url{http://neo4j.com/blog/acid-vs-base-consistency-models-explained/}},
  note = 	 {Acessado em 05 de maio de 2016},
  annote = 	 {}
}

@article{brewer12years,
  title={CAP twelve years later: How the "rules" have changed},
  author={Eric Brewer},
  journal={Computer},
  volume={45},
  number={2},
  pages={23--29},
  year={2012},
  publisher={IEEE}
}

@article{leavitt2010nosql,
  title={Will NoSQL databases live up to their promise?},
  author={Leavitt, Neal},
  journal={Computer},
  volume={43},
  number={2},
  pages={12--14},
  year={2010},
  publisher={IEEE}
}

@article{dynamo,
  title={Dynamo: Amazon's Highly Available Key-value Store},
  author={DeCandia, Giuseppe and Hastorun, Deniz and Jampani, Madan and Kakulapati, Gunavardhan and Lakshman, Avinash and Pilchin, Alex and Sivasubramanian, Swaminathan and Vosshall, Peter and Vogels, Werner},
  booktitle={ACM SIGOPS Operating Systems Review},
  volume={41},
  number={6},
  pages={205--220},
  year={2007},
  organization={ACM}
}

@article{nosqleval,
  title={NoSQL evaluation: A use case oriented survey},
  author={Hecht, Robin and Jablonski, Stefan},
  year={2011},
  pages={336-341}, 
  publisher={IEEE}
}